@misc{wikipediasocialnetwork,
  author={Wikipedia},
  howpublished={\url{https://en.wikipedia.org/wiki/Social_network}},
  title={Social Network},
  year={2022},
  note={Accessed 12/1/2022}
}

@misc{wikipediagithub,
  author={Wikipedia},
  howpublished={\url{https://en.wikipedia.org/wiki/GitHub}},
  title={GitHub},
  year={2022},
  note={Accessed 12/1/2022}
}

@misc{wikipediagit,
  author={Wikipedia},
  howpublished={\url{https://en.wikipedia.org/wiki/Git}},
  title={Git},
  year={2022},
  note={Accessed 12/1/2022}
}

@misc{wikipediamotif,
  author={Wikipedia},
  howpublished={\url{https://en.wikipedia.org/wiki/Network_motif}},
  title={Motif},
  year={2022},
  note={Accessed 12/8/2022}
}

@article{PMC3604768,
  title={The Ubiquity of Small-World Networks},
  author={Qawi K. Telesford and Karen E. Joyce and Satoru Hayasaka and Jonathan H. Burdette and Paul J. Laurienti},
  journal={Brain Connect},
  volume={1},
  number={5},
  pages={367--375},
  year={2011},
  publisher={National Acad Sciences},
  howpublished={\url{https://www.liebertpub.com/doi/10.1089/brain.2011.0038}}
}

@misc{rozemberczki2019multiscale,
  title={Multi-scale Attributed Node Embedding},
  author={Benedek Rozemberczki and Carl Allen and Rik Sarkar},
  year={2019},
  note={1909.13021},
  journal={arXiv cs.LG}, 
  howpublished={\url{http://snap.stanford.edu/data/github-social.html}}
}

@misc{networkxrichclubcoefficients,
  author={NetworkX},
  howpublished={\url{https://networkx.org/documentation/stable/reference/algorithms/generated/networkx.algorithms.richclub.rich_club_coefficient.html}},
  title={Rich Club Coefficient},
  year={2022},
  note={Accessed 12/1/2022}
}

@misc{networkxdensity,
  author={NetworkX},
  howpublished={\url{https://networkx.org/documentation/stable/reference/generated/networkx.classes.function.density.html}},
  title={Density},
  year={2022},
  note={Accessed 12/1/2022}
}

@misc{networkxvoteranks,
  author={NetworkX},
  howpublished={\url{https://networkx.org/documentation/stable/reference/algorithms/generated/networkx.algorithms.centrality.voterank.html}},
  title={Voterank},
  year={2022},
  note={Accessed 12/1/2022}
}

@misc{networkxbetweennesscentrality,
  author={NetworkX},
  howpublished={\url{https://networkx.org/documentation/stable/reference/algorithms/generated/networkx.algorithms.centrality.betweenness_centrality.html}},
  title={Betweenness Centrality},
  year={2022},
  note={Accessed 12/1/2022}
}

@misc{networkxclosenesscentrality,
  author={NetworkX},
  howpublished={\url{https://networkx.org/documentation/stable/reference/algorithms/generated/networkx.algorithms.centrality.closeness_centrality.html}},
  title={Closeness Centrality},
  year={2022},
  note={Accessed 12/1/2022}
}

@misc{networkxeffectivesize,
  author={NetworkX},
  howpublished={\url{https://networkx.org/documentation/stable/reference/algorithms/generated/networkx.algorithms.structuralholes.effective_size.html}},
  title={Effective Size},
  year={2022},
  note={Accessed 12/8/2022}
}